@book{atkinspaula2008,
	title        = {Atkins' physical chemistry},
	author       = {Atkins, Peter and Paula, Julio},
	year         = 2008,
	publisher    = {Oxford University press},
	isbn         = 9780195685220,
	url          = {http://www.worldcat.org/isbn/9780195685220},
	added-at     = {2018-12-02T16:09:07.000+0100},
	biburl       = {https://www.bibsonomy.org/bibtex/2787f624c38a1717e54e6ee61996c6f16/karthikraman},
	citeulike-article-id = 10105290,
	citeulike-linkout-0 = {http://www.worldcat.org/isbn/9780195685220},
	citeulike-linkout-1 = {http://books.google.com/books?vid=ISBN9780195685220},
	citeulike-linkout-2 = {http://www.amazon.com/gp/search?keywords=9780195685220\&index=books\&linkCode=qs},
	citeulike-linkout-3 = {http://www.librarything.com/isbn/9780195685220},
	citeulike-linkout-4 = {http://www.worldcat.org/oclc/688565680},
	interhash    = {010a0940ed071118d33c6b99a6f7fff0},
	intrahash    = {787f624c38a1717e54e6ee61996c6f16},
	keywords     = {iitm library},
	posted-at    = {2011-12-08 07:35:19},
	priority     = 2,
	timestamp    = {2018-12-02T16:09:07.000+0100}
}
@book{IvanMarkovCGB,
	title        = {Crystal Growth for Beginners},
	author       = {Markov, Ivan V},
	year         = 2003,
	publisher    = {WORLD SCIENTIFIC},
	address      = {},
	doi          = {10.1142/5172},
	url          = {https://www.worldscientific.com/doi/abs/10.1142/5172},
	edition      = {2nd},
	eprint       = {https://www.worldscientific.com/doi/pdf/10.1142/5172}
}
@article{Stranski1928,
  doi = {10.1515/zpch-1928-13620},
  url = {https://doi.org/10.1515/zpch-1928-13620},
  year = {1928},
  month = aug,
  publisher = {Walter de Gruyter {GmbH}},
  volume = {136U},
  number = {1},
  pages = {259--278},
  author = {Iwan N. Stranski},
  title = {Zur Theorie des Kristallwachstums},
  journal = {Zeitschrift fur Physikalische Chemie}
}
@article{Kossel1927,
  title={Extending the law of Bravais},
  author={Kossel, W},
  journal={Nachr Ges Wiss G{\"o}ttingen},
  pages={135--143},
  year={1927}
}
@article{StranskiKaischew1931,
  doi = {10.1524/zkri.1931.78.1.373},
  url = {https://doi.org/10.1524/zkri.1931.78.1.373},
  year = {1931},
  month = oct,
  publisher = {Walter de Gruyter {GmbH}},
  volume = {78},
  number = {1-6},
  pages = {373--385},
  author = {I. N. Stranski and R. Kaischew},
  title = {Gleichgewichtsformen hom\"{o}opolarer Kristalle},
  journal = {Zeitschrift f\"{u}r Kristallographie - Crystalline Materials}
}
@article{Yamamoto1988,
  doi = {10.1143/jpsj.57.453},
  url = {https://doi.org/10.1143/jpsj.57.453},
  year = {1988},
  month = feb,
  publisher = {Physical Society of Japan},
  volume = {57},
  number = {2},
  pages = {453--460},
  author = {Takao Yamamoto and Yasuhiro Akutsu and Noriko Akutsu},
  title = {Universal Behavior of the Equilibrium Crystal Shape near the Facet Edge. I. A Generalized Terrace-Step-Kink Model},
  journal = {Journal of the Physical Society of Japan}
}
@article{BCF1951,
  doi = {10.1098/rsta.1951.0006},
  url = {https://doi.org/10.1098/rsta.1951.0006},
  year = {1951},
  month = jun,
  publisher = {The Royal Society},
  volume = {243},
  number = {866},
  pages = {299--358},
  title = {The growth of crystals and the equilibrium structure of their surfaces},
  journal = {Philosophical Transactions of the Royal Society of London. Series A,  Mathematical and Physical Sciences}
}
@article{Chernov2004,
  doi = {10.1016/j.jcrysgro.2003.12.076},
  url = {https://doi.org/10.1016/j.jcrysgro.2003.12.076},
  year = {2004},
  month = mar,
  publisher = {Elsevier {BV}},
  volume = {264},
  number = {4},
  pages = {499--518},
  author = {A.A. Chernov},
  title = {Notes on interface growth kinetics 50 years after Burton,  Cabrera and Frank},
  journal = {Journal of Crystal Growth}
}
@article{Mehl1939,
  url = {https://www.scirp.org/(S(351jmbntvnsjt1aadkposzje))/reference/ReferencesPapers.aspx?ReferenceID=598556},
  year = {1939},
  publisher = {Scientific Research},
  volume = {135},
  pages = {416--442},
  author = {W. A. Johnson and R. F. Mehl},
  title = {Reaction Kinetics in Processes of Nucleation and Growth},
  journal = {Transactions of the American Institute of Mining and Metallurgical Engineers}
}
@article{Lambrigger1998,
  doi = {10.1295/polymj.30.262},
  url = {https://doi.org/10.1295/polymj.30.262},
  year = {1998},
  month = mar,
  publisher = {Springer Science and Business Media {LLC}},
  volume = {30},
  number = {3},
  pages = {262--264},
  author = {Markus Lambrigger},
  title = {Non-Isothermal Crystallization Kinetics of Poly(ethylene terephthalate) from the Point of View of Isokinetic Models},
  journal = {Polymer Journal}
}

@article{Min2005,
  doi = {10.1080/14786430500036546},
  url = {https://doi.org/10.1080/14786430500036546},
  year = {2005},
  month = jun,
  publisher = {Informa {UK} Limited},
  volume = {85},
  number = {18},
  pages = {2049--2063},
  author = {K.-H. Min and R. Sinclair and I.-S. Park and S.-T. Kim and U.-I. Chung},
  title = {Crystallization behaviour of ALD-Ta2O5 thin films: the application of in-situ TEM},
  journal = {Philosophical Magazine}
}
@article{Jaeger1998,
  doi = {10.1007/s004070050021},
  url = {https://doi.org/10.1007/s004070050021},
  year = {1998},
  month = may,
  publisher = {Springer Science and Business Media {LLC}},
  volume = {53},
  number = {1},
  pages = {51--81},
  author = {Gregg Jaeger},
  title = {The Ehrenfest Classification of Phase Transitions: Introduction and Evolution},
  journal = {Archive for History of Exact Sciences}
}
@article{Tsoularis2002,
  doi = {10.1016/s0025-5564(02)00096-2},
  url = {https://doi.org/10.1016/s0025-5564(02)00096-2},
  year = {2002},
  month = jul,
  publisher = {Elsevier {BV}},
  volume = {179},
  number = {1},
  pages = {21--55},
  author = {A. Tsoularis and J. Wallace},
  title = {Analysis of logistic growth models},
  journal = {Mathematical Biosciences}
}
@article{Avramov2005,
  doi = {10.1016/j.jcrysgro.2005.08.024},
  url = {https://doi.org/10.1016/j.jcrysgro.2005.08.024},
  year = {2005},
  month = dec,
  publisher = {Elsevier {BV}},
  volume = {285},
  number = {3},
  pages = {394--399},
  author = {I. Avramov and K. Avramova and C. R\"{u}ssel},
  title = {New method to analyze data on overall crystallization kinetics},
  journal = {Journal of Crystal Growth}
}
@misc{SigmoidToolsGH,
  author = {Ivanov, Vasil},
  title = {Sigmoid Toolkit},
  year = {2023},
  publisher = {GitHub},
  journal = {GitHub repository},
  howpublished = {\url{https://github.com/vasilvas99/sigmoid-tools}},
  commit = {ae8bb38}
}
@ARTICLE{2020SciPy-NMeth,
  author  = {Virtanen, Pauli and Gommers, Ralf and Oliphant, Travis E. and
            Haberland, Matt and Reddy, Tyler and Cournapeau, David and
            Burovski, Evgeni and Peterson, Pearu and Weckesser, Warren and
            Bright, Jonathan and {van der Walt}, St{\'e}fan J. and
            Brett, Matthew and Wilson, Joshua and Millman, K. Jarrod and
            Mayorov, Nikolay and Nelson, Andrew R. J. and Jones, Eric and
            Kern, Robert and Larson, Eric and Carey, C J and
            Polat, {\.I}lhan and Feng, Yu and Moore, Eric W. and
            {VanderPlas}, Jake and Laxalde, Denis and Perktold, Josef and
            Cimrman, Robert and Henriksen, Ian and Quintero, E. A. and
            Harris, Charles R. and Archibald, Anne M. and
            Ribeiro, Ant{\^o}nio H. and Pedregosa, Fabian and
            {van Mulbregt}, Paul and {SciPy 1.0 Contributors}},
  title   = {{{SciPy} 1.0: Fundamental Algorithms for Scientific
            Computing in Python}},
  journal = {Nature Methods},
  year    = {2020},
  volume  = {17},
  pages   = {261--272},
  adsurl  = {https://rdcu.be/b08Wh},
  doi     = {10.1038/s41592-019-0686-2},
}
@book{Kelley1999,
  doi = {10.1137/1.9781611970920},
  url = {https://doi.org/10.1137/1.9781611970920},
  year = {1999},
  month = jan,
  publisher = {Society for Industrial and Applied Mathematics},
  author = {C. T. Kelley},
  title = {Iterative Methods for Optimization}
}
@misc{MinpackGH,
  author = {Fortran-Lang},
  title = {Minpack},
  year = {1980},
  publisher = {GitHub},
  journal = {GitHub repository},
  howpublished = {\url{https://github.com/fortran-lang/minpack}},
}
@misc{wiki:Simulated_annealing,
   author = "Wikipedia",
   title = "{Simulated annealing} --- {W}ikipedia{,} The Free Encyclopedia",
   year = "2023",
   howpublished = {\url{http://en.wikipedia.org/w/index.php?title=Simulated\%20annealing&oldid=1139959211}},
   note = "[Online; accessed 14-April-2023]"
 }
@article{Xiang1997,
doi = {10.1016/s0375-9601(97)00474-x},
url = {https://doi.org/10.1016/s0375-9601(97)00474-x},
year = {1997},
month = aug,
publisher = {Elsevier {BV}},
volume = {233},
number = {3},
pages = {216--220},
author = {Y Xiang and D.Y Sun and W Fan and X.G Gong},
title = {Generalized simulated annealing algorithm and its application to the Thomson model},
journal = {Physics Letters A}
}
@article{Xiang2013,
  doi = {10.32614/rj-2013-002},
  url = {https://doi.org/10.32614/rj-2013-002},
  year = {2013},
  publisher = {The R Foundation},
  volume = {5},
  number = {1},
  pages = {13},
  author = {Yang Xiang and Sylvain Gubian and Brian Suomela and Julia Hoeng},
  title = {Generalized Simulated Annealing for Global Optimization: The {GenSA} Package},
  journal = {The R Journal}
}
@article{Fanfoni1998,
  doi = {10.1007/bf03185527},
  url = {https://doi.org/10.1007/bf03185527},
  year = {1998},
  month = jul,
  publisher = {Springer Science and Business Media {LLC}},
  volume = {20},
  number = {7-8},
  pages = {1171--1182},
  author = {M. Fanfoni and M. Tomellini},
  title = {The Johnson-Mehl- Avrami-Kohnogorov model: A brief review},
  journal = {Il Nuovo Cimento D}
}
@article{Stoyanov1988,
  doi = {10.1016/0039-6028(88)90409-8},
  url = {https://doi.org/10.1016/0039-6028(88)90409-8},
  year = {1988},
  month = jan,
  publisher = {Elsevier {BV}},
  volume = {199},
  number = {1-2},
  pages = {226--242},
  author = {S. Stoyanov},
  title = {Layer growth of epitaxial films and superlattices},
  journal = {Surface Science}
}
@article{Markov1976,
  doi = {10.1016/0040-6090(76)90237-6},
  url = {https://doi.org/10.1016/0040-6090(76)90237-6},
  year = {1976},
  month = jun,
  publisher = {Elsevier {BV}},
  volume = {35},
  number = {1},
  pages = {21--35},
  author = {I. Markov and E. Stoycheva},
  title = {Saturation nucleus density in the electrodeposition of metals onto inert electrodes {II}. Experimental},
  journal = {Thin Solid Films}
}
@article{Richards1959,
  doi = {10.1093/jxb/10.2.290},
  url = {https://doi.org/10.1093/jxb/10.2.290},
  year = {1959},
  publisher = {Oxford University Press ({OUP})},
  volume = {10},
  number = {2},
  pages = {290--301},
  author = {F. J. RICHARDS},
  title = {A Flexible Growth Function for Empirical Use},
  journal = {Journal of Experimental Botany}
}
@article{Tjrve2010,
  doi = {10.1016/j.jtbi.2010.09.008},
  url = {https://doi.org/10.1016/j.jtbi.2010.09.008},
  year = {2010},
  month = dec,
  publisher = {Elsevier {BV}},
  volume = {267},
  number = {3},
  pages = {417--425},
  author = {Even Tj{\o}rve and Kathleen M.C. Tj{\o}rve},
  title = {A unified approach to the Richards-model family for use in growth analyses: Why we need only two model forms},
  journal = {Journal of Theoretical Biology}
}

@misc{debold_waffers_2011,
	title = {Colorful patterns in the wafers},
	url = {https://www.flickr.com/photos/28156071@N00/5900040461},
	author = {DeBold, Don},
	month = apr,
	year = {2011},
	note = {CC BY 2.0},
}
@article{Latyshev1989,
  doi = {10.1016/0039-6028(89)90256-2},
  url = {https://doi.org/10.1016/0039-6028(89)90256-2},
  year = {1989},
  month = apr,
  publisher = {Elsevier {BV}},
  volume = {213},
  number = {1},
  pages = {157--169},
  author = {A.V. Latyshev and A.L. Aseev and A.B. Krasilnikov and S.I. Stenin},
  title = {Transformations on clean Si(111) stepped surface during sublimation},
  journal = {Surface Science}
}
@article{tonchev2010scaling,
  doi = {10.1140/epjb/e2010-00036-3},
  url = {https://doi.org/10.1140/epjb/e2010-00036-3},
  year = {2010},
  month = feb,
  publisher = {Springer Science and Business Media {LLC}},
  volume = {73},
  number = {4},
  pages = {539--546},
  author = {V. Tonchev and B. Ranguelov and H. Omi and A. Pimpinelli},
  title = {Scaling and universality in models of step bunching: the C+-C- model},
  journal = {The European Physical Journal B}
}
@article{tonchev2012classification,
  title={Classification of step bunching phenomena},
  author={Tonchev, Vesselin},
  journal={arXiv preprint arXiv:1203.2061},
  year={2012}
}
@article{StoyanStoyanov1991,
  doi = {10.1143/jjap.30.1},
  url = {https://doi.org/10.1143/jjap.30.1},
  year = {1991},
  month = jan,
  publisher = {{IOP} Publishing},
  volume = {30},
  number = {1R},
  pages = {1},
  author = {Stoyan Stoyanov},
  title = {Electromigration Induced Step Bunching on Si Surfaces {\textendash} How Does it Depend on the Temperature and Heating Current Direction?},
  journal = {Japanese Journal of Applied Physics}
}
@misc{TonchevArxiv2012,
  doi = {10.48550/ARXIV.1203.2061},
  url = {https://arxiv.org/abs/1203.2061},
  author = {Tonchev,  Vesselin},
  keywords = {Materials Science (cond-mat.mtrl-sci),  FOS: Physical sciences,  FOS: Physical sciences},
  title = {Classification of step bunching phenomena},
  publisher = {arXiv},
  year = {2012},
  copyright = {arXiv.org perpetual,  non-exclusive license}
}
@article{Ehrlich1966,
  doi = {10.1063/1.1726787},
  url = {https://doi.org/10.1063/1.1726787},
  year = {1966},
  month = feb,
  publisher = {{AIP} Publishing},
  volume = {44},
  number = {3},
  pages = {1039--1049},
  author = {Gert Ehrlich and F. G. Hudda},
  title = {Atomic View of Surface Self-Diffusion: Tungsten on Tungsten},
  journal = {The Journal of Chemical Physics}
}
@article{Schwoebel1966,
  doi = {10.1063/1.1707904},
  url = {https://doi.org/10.1063/1.1707904},
  year = {1966},
  month = sep,
  publisher = {{AIP} Publishing},
  volume = {37},
  number = {10},
  pages = {3682--3686},
  author = {Richard L. Schwoebel and Edward J. Shipsey},
  title = {Step Motion on Crystal Surfaces},
  journal = {Journal of Applied Physics}
}
@incollection{Krug2005,
  doi = {10.1007/3-7643-7343-1_6},
  url = {https://doi.org/10.1007/3-7643-7343-1_6},
  publisher = {Birkh\"{a}user-Verlag},
  pages = {69--95},
  author = {Joachim Krug},
  title = {Introduction to Step Dynamics and Step Instabilities},
  booktitle = {Multiscale Modeling in Epitaxial Growth}
}
@book{Barenblatt1996,
title={Scaling, Self-similarity, and Intermediate Asymptotics: Dimensional Analysis and Intermediate Asymptotics (Cambridge Texts in Applied Mathematics, Series Number 14)},
author={Barenblatt, Grigory Isaakovich},
publisher={Cambridge University Press},
year={1996},
month={12},
day={28},
date={1996-12-28},
edition={Paperback},
language={English},
keywords={Graph Theory, Mathematical Analysis, Mathematical Physics, Mathematics, Physics},
isbn={978-0521435222},
isbn10={0521435226}
}
@article{Vicsek1984,
  doi = {10.1103/physrevlett.52.1669},
  url = {https://doi.org/10.1103/physrevlett.52.1669},
  year = {1984},
  month = may,
  publisher = {American Physical Society ({APS})},
  volume = {52},
  number = {19},
  pages = {1669--1672},
  author = {Tam{\'{a}}s Vicsek and Fereydoon Family},
  title = {Dynamic Scaling for Aggregation of Clusters},
  journal = {Physical Review Letters}
}
@inproceedings{Krasteva2016,
  doi = {10.1063/1.4944247},
  url = {https://doi.org/10.1063/1.4944247},
  year = {2016},
  publisher = {{AIP} Publishing {LLC}},
  author = {A. Krasteva and H. Popova and N. Akutsu and V. Tonchev},
  title = {Time scaling relations for step bunches from models with step-step attractions (B1-type models)},
  booktitle = {{AIP} Conference Proceedings}
}
@article{Staneva2010,
  doi = {10.48550/ARXIV.1005.0755},
  url = {https://arxiv.org/abs/1005.0755},
  author = {Staneva,  Diana and Ranguelov,  Bogdan and Tonchev,  Vesselin},
  keywords = {Materials Science (cond-mat.mtrl-sci),  Computational Physics (physics.comp-ph),  FOS: Physical sciences,  FOS: Physical sciences},
  title = {Models of step bunching: Turning repulsion into attraction},
  publisher = {arXiv},
  year = {2010},
  copyright = {arXiv.org perpetual,  non-exclusive license}
}
@article{Liu1998,
  doi = {10.1103/physrevb.57.14891},
  url = {https://doi.org/10.1103/physrevb.57.14891},
  year = {1998},
  month = jun,
  publisher = {American Physical Society ({APS})},
  volume = {57},
  number = {23},
  pages = {14891--14900},
  author = {Da-Jiang Liu and John D. Weeks},
  title = {Quantitative theory of current-induced step bunching on Si(111)},
  journal = {Physical Review B}
}
@article{Tersoff1995,
  doi = {10.1103/physrevlett.75.2730},
  url = {https://doi.org/10.1103/physrevlett.75.2730},
  year = {1995},
  month = oct,
  publisher = {American Physical Society ({APS})},
  volume = {75},
  number = {14},
  pages = {2730--2733},
  author = {J. Tersoff and Y. H. Phang and Zhenyu Zhang and M. G. Lagally},
  title = {Step-Bunching Instability of Vicinal Surfaces under Stress},
  journal = {Physical Review Letters}
}

@misc{BunchingModelsGH,
	type = {Github {Code} {Repository}},
	title = {{GitHub}/vasilvas99/bunch1s\_f2py},
	url = {https://github.com/vasilvas99/bunch1s_f2py},
	language = {English},
	urldate = {2023-05-22},
	journal = {Bunching models right-hand-sides},
	author = {Ivanov, Vassil and Tonchev, Vesselin},
	month = mar,
	year = {2023},
}
@article{Dormand1980,
  doi = {10.1016/0771-050x(80)90013-3},
  url = {https://doi.org/10.1016/0771-050x(80)90013-3},
  year = {1980},
  month = mar,
  publisher = {Elsevier {BV}},
  volume = {6},
  number = {1},
  pages = {19--26},
  author = {J.R. Dormand and P.J. Prince},
  title = {A family of embedded Runge-Kutta formulae},
  journal = {Journal of Computational and Applied Mathematics}
}
@article{Fehlberg1970,
  doi = {10.1007/bf02241732},
  url = {https://doi.org/10.1007/bf02241732},
  year = {1970},
  month = mar,
  publisher = {Springer Science and Business Media {LLC}},
  volume = {6},
  number = {1-2},
  pages = {61--71},
  author = {E. Fehlberg},
  title = {Klassische Runge-Kutta-Formeln vierter und niedrigerer Ordnung mit Schrittweiten-Kontrolle und ihre Anwendung auf W\"{a}rmeleitungsprobleme},
  journal = {Computing}
}
@book{SolvingDiffEqI1993,
  doi = {10.1007/978-3-540-78862-1},
  url = {https://doi.org/10.1007/978-3-540-78862-1},
  year = {1993},
  publisher = {Springer Berlin Heidelberg},
  title = {Solving Ordinary Differential Equations I}
}
@misc{RK23GH,
	title = {Runge-Kutta 2(3) by Vassil},
	url = {https://gist.github.com/vasilvas99/f7310b922ac114c968ae013fb248905b},
	abstract = {RK23 - "homemade" implementation. GitHub Gist.},
	language = {en},
	urldate = {2023-05-24},
	journal = {GitHub Gist},
    author = {Ivanov,  Vassil},
	month = may,
	year = {2023},
	note = {publisher: GitHub },
}

@article{odepack1992,
title = {ODEPACK. A Collection of ODE System Solvers},
author = {Hindmarsh, A},
doi = {},
url = {https://www.osti.gov/biblio/145724}, journal = {},
place = {United States},
year = {1992},
month = {1}
}
@article{Shampine2002,
  doi = {10.1016/s0898-1221(02)00188-8},
  url = {https://doi.org/10.1016/s0898-1221(02)00188-8},
  year = {2002},
  month = sep,
  publisher = {Elsevier {BV}},
  volume = {44},
  number = {5-6},
  pages = {749--761},
  author = {L.F. Shampine},
  title = {Variable order Adams codes},
  journal = {Computers and Mathematics with Applications}
}
@misc{DEXYRD,
	title = {DE-XY-RD},
	url = {http://num-anal.srcc.msu.ru/lib_na/int_de/int_de2.htm},
	abstract = {Подпрограммы данного раздела разбиваются на группы в соответствии с указанной классификацией. При описании состава раздела приводится имя подпрограммы, назначение подпрограммы и закрепленный за каждой подпрограммой Библиотеки и ее версиями индекс.},
	language = {ru},
	urldate = {2023-05-24},
	journal = {МГУ сайт},
}
@misc{Staneva2012,
  doi = {10.48550/ARXIV.1105.5556},
  url = {https://arxiv.org/abs/1105.5556},
  author = {Staneva,  Diana and Ranguelov,  Bogdan and Tonchev,  Vesselin},
  keywords = {Materials Science (cond-mat.mtrl-sci),  Pattern Formation and Solitons (nlin.PS),  Computational Physics (physics.comp-ph),  FOS: Physical sciences,  FOS: Physical sciences},
  title = {Hybrid Models of Step Bunching},
  publisher = {arXiv},
  year = {2011},
  copyright = {arXiv.org perpetual,  non-exclusive license}
}
@article{Ranguelov2012,
  doi = {10.48550/ARXIV.1205.2744},
  url = {https://arxiv.org/abs/1205.2744},
  author = {Ranguelov,  Bogdan and Tonchev,  Vesselin and Misbah,  Chaouqi},
  keywords = {Materials Science (cond-mat.mtrl-sci),  Adaptation and Self-Organizing Systems (nlin.AO),  Pattern Formation and Solitons (nlin.PS),  Computational Physics (physics.comp-ph),  FOS: Physical sciences,  FOS: Physical sciences},
  title = {Step Bunching In Conserved Systems: Scaling And Universality},
  publisher = {arXiv},
  year = {2012},
  copyright = {arXiv.org perpetual,  non-exclusive license}
}
@misc{Kozlov2022,
  doi = {10.48550/ARXIV.2206.00190},
  url = {https://arxiv.org/abs/2206.00190},
  author = {Kozlov,  Alexey and Samardak,  Alexander and Chernousov,  Nikolay and Popova,  Hristina and Zaluska-Kotur,  Magdalena A. and Pimpinelli,  Alberto and Tonchev,  Vesselin},
  keywords = {Mesoscale and Nanoscale Physics (cond-mat.mes-hall),  Applied Physics (physics.app-ph),  FOS: Physical sciences,  FOS: Physical sciences},
  title = {Predicted universality class of step bunching found on DC-heated Si(111) surfaces},
  publisher = {arXiv},
  year = {2022},
  copyright = {Creative Commons Attribution 4.0 International}
}
@article{Pimpinelli2002,
  doi = {10.1103/physrevlett.88.206103},
  url = {https://doi.org/10.1103/physrevlett.88.206103},
  year = {2002},
  month = may,
  publisher = {American Physical Society ({APS})},
  volume = {88},
  number = {20},
  author = {A. Pimpinelli and V. Tonchev and A. Videcoq and M. Vladimirova},
  title = {Scaling and Universality of Self-Organized Patterns on Unstable Vicinal Surfaces},
  journal = {Physical Review Letters}
}
@article{2Krug2005,
  doi = {10.1103/physrevb.71.045412},
  url = {https://doi.org/10.1103/physrevb.71.045412},
  year = {2005},
  month = jan,
  publisher = {American Physical Society ({APS})},
  volume = {71},
  number = {4},
  author = {J. Krug and V. Tonchev and S. Stoyanov and A. Pimpinelli},
  title = {Scaling properties of step bunches induced by sublimation and related mechanisms},
  journal = {Physical Review B}
}
@article{Krzyewski2018,
  doi = {10.1021/acs.cgd.8b01379},
  url = {https://doi.org/10.1021/acs.cgd.8b01379},
  year = {2018},
  month = dec,
  publisher = {American Chemical Society ({ACS})},
  volume = {19},
  number = {2},
  pages = {821--831},
  author = {Filip Krzyzewski and Magdalena Za{\l}uska-Kotur and Anna Krasteva and Hristina Popova and Vesselin Tonchev},
  title = {Scaling and Dynamic Stability of Model Vicinal Surfaces},
  journal = {CGD}
}
@article{Guedda2022,
  doi = {10.1016/j.chaos.2022.112501},
  url = {https://doi.org/10.1016/j.chaos.2022.112501},
  year = {2022},
  month = sep,
  publisher = {Elsevier {BV}},
  volume = {162},
  pages = {112501},
  author = {Mohamed Guedda and Krisztian Hriczo and Laila Taourirte and Jihade Chaiboub and Gabriella Bognar},
  title = {Scaling properties of a class of interfacial singular equations},
  journal = {Chaos,  Solitons and Fractals}
}
@misc{dla_copper,
	type = {Wiki},
	title = {A diffusion-limited aggregation ({DLA}) cluster. {Copper} aggregate formed from a copper sulfate solution in an electrode position cell.},
	shorttitle = {{DLA} {Cluster}},
	url = {https://commons.wikimedia.org/w/index.php?curid=794123},
	abstract = {CC BY 2.5},
	urldate = {2023-06-23},
	journal = {Wikimedia Commons},
	author = {Johnson
, Kevin R},
	month = may,
	year = {2006},
	note = {publisher: Wikimedia Commons},
}
@article{DLA_Witten,
  title = {Diffusion-Limited Aggregation, a Kinetic Critical Phenomenon},
  author = {Witten, T. A. and Sander, L. M.},
  journal = {Phys. Rev. Lett.},
  volume = {47},
  issue = {19},
  pages = {1400--1403},
  numpages = {0},
  year = {1981},
  month = {11},
  publisher = {American Physical Society},
  doi = {10.1103/PhysRevLett.47.1400},
  url = {https://link.aps.org/doi/10.1103/PhysRevLett.47.1400}
}
@article{DLA_Menshutin,
  title = {Scaling in the Diffusion Limited Aggregation Model},
  author = {Menshutin, Anton},
  journal = {Phys. Rev. Lett.},
  volume = {108},
  issue = {1},
  pages = {015501},
  numpages = {5},
  year = {2012},
  month = {1},
  publisher = {American Physical Society},
  doi = {10.1103/PhysRevLett.108.015501},
  url = {https://link.aps.org/doi/10.1103/PhysRevLett.108.015501}
}
@article{StoyanovTonchev,
  doi = {10.1103/physrevb.58.1590},
  url = {https://doi.org/10.1103/physrevb.58.1590},
  year = {1998},
  month = jul,
  publisher = {American Physical Society ({APS})},
  volume = {58},
  number = {3},
  pages = {1590--1600},
  author = {S. Stoyanov and V. Tonchev},
  title = {Properties and dynamic interaction of step density waves at a crystal surface during electromigration affected sublimation},
  journal = {Physical Review B}
}
@misc{ivanmarkovpreprint,
	title = {Model {Hierarchy} to {Reanalyze} {Results} from an {Archetypical} {Experiment} on the {Kinetics} of {Heterogeneous} {Nucleation} – the {Electrodeposition} of {Hg} on {Pt}, by {I}. {Markov} and {E}. {Stoycheva}},
	doi = {https://doi.org/10.20944/preprints202306.1544.v1},
	author = {Kleshtanova, V. and Ivanov, V. and Hodzhaoglu, F. and Prieto, J.E. and Tonchev, V.},
	month = jun,
	year = {2023},
}
@misc{SMDGarxiv,
  doi = {10.48550/ARXIV.2304.12402},
  url = {https://arxiv.org/abs/2304.12402},
  author = {Ivanov,  V. V. and Tielemann,  C. and Avramova,  K. and Reinsch,  S. and Tonchev,  V.},
  keywords = {Materials Science (cond-mat.mtrl-sci),  Other Condensed Matter (cond-mat.other),  FOS: Physical sciences,  FOS: Physical sciences},
  title = {Modelling crystallization: When the normal growth velocity depends on the supersaturation},
  publisher = {arXiv},
  year = {2023},
  copyright = {Creative Commons Attribution 4.0 International}
}
@misc{MastersThesisLatexSource,
  author = {Ivanov, Vasil},
  title = {Основен LaTeX код на дипломната работа},
  year = {2023},
  publisher = {GitHub},
  journal = {GitHub repository},
  howpublished = {\url{https://github.com/vasilvas99/masters-thesis}},
  commit = {main}
}
@thesis{VikiPHD2023,
	location = {Катедра Метеорология и Геофизика},
	title = {КОМПЛЕКСЕН ПОДХОД ЗА ИЗСЛЕДВАНЕ НА АТМОСФЕРНИ АЕРОЗОЛИ},
	institution = {Софийски Университет "Св. Климент Охридски"},
	type = {Дисертационен труд},
	author = {ВИКТОРИЯ ЛЮБОМИРОВА КЛЕЩАНОВА},
	date = {2023},
}
